<record><leader>00000cas a22000007a 4500</leader><controlfield tag="001">20256633</controlfield><controlfield tag="008">890825d188818uucouwr ne      0    0eng d</controlfield><datafield ind1=" " ind2=" " tag="010"><subfield code="a">sn 89052246 </subfield></datafield><datafield ind1=" " ind2=" " tag="040"><subfield code="a">CNQ</subfield><subfield code="b">eng</subfield><subfield code="c">CNQ</subfield><subfield code="d">OCLCQ</subfield></datafield><datafield ind1=" " ind2=" " tag="042"><subfield code="a">msc</subfield></datafield><datafield ind1="0" ind2="0" tag="245"><subfield code="a">San Juan-democrat.</subfield></datafield><datafield ind1=" " ind2=" " tag="260"><subfield code="a">Silverton, San Juan County, Colo. :</subfield><subfield code="b">Harry Smith</subfield></datafield><datafield ind1=" " ind2=" " tag="300"><subfield code="a">v.</subfield></datafield><datafield ind1=" " ind2=" " tag="310"><subfield code="a">Weekly</subfield></datafield><datafield ind1="0" ind2=" " tag="362"><subfield code="a">Vol. 2, no. 26 (Apr. 12, 1888)-</subfield></datafield><datafield ind1=" " ind2=" " tag="530"><subfield code="a">Available on microfilm from the Colorado Historical Society.</subfield></datafield><datafield ind1=" " ind2=" " tag="752"><subfield code="a">United States</subfield><subfield code="b">Colorado</subfield><subfield code="c">San Juan</subfield><subfield code="d">Silverton.</subfield></datafield><datafield ind1="0" ind2="4" tag="780"><subfield code="t">San Juan</subfield><subfield code="w">(DLC)sn 89052245</subfield></datafield><datafield ind1="0" ind2="4" tag="780"><subfield code="t">Silverton democrat (Silverton, Colo. : 1885)</subfield><subfield code="w">(DLC)sn 90051764</subfield></datafield></record>